<?xml version="1.0" encoding="UTF-8"?><collection xmlns="http://www.loc.gov/MARC21/slim"><record><leader>00332nam--2200133-i-4500</leader><controlfield tag="001">000013113</controlfield><controlfield tag="002">20161230</controlfield><controlfield tag="005">20161230201030</controlfield><controlfield tag="008">060222s1000------------r-----000-0-eng-d</controlfield><datafield ind1=" " ind2=" " tag="080"><subfield code="a">621.38.04</subfield></datafield><datafield ind1=" " ind2=" " tag="100"><subfield code="a">Higgins, J.C</subfield></datafield><datafield ind1=" " ind2=" " tag="245"><subfield code="a">Problems in electronics</subfield></datafield><datafield ind1=" " ind2=" " tag="260"><subfield code="a">London, Edward Arnold Publ.Ltd., 1964, Vi + 288 P</subfield></datafield><datafield ind1=" " ind2=" " tag="852"><subfield code="a">23850</subfield></datafield></record></collection>